@misc{diis_math,
    title = "The Mathematics of DIIS",
    url = "http://vergil.chemistry.gatech.edu/notes/diis/node2.html",
    urldate = "2020-01-18"
}

% journal
@article{mixing_comp,
    author = "Garza, Alejandro J.; Scuseria, Gustavo E.",
    year = "2012",
    title =  "Comparison of self-consistent field convergence acceleration techniques",
    url = "https://scholarship.rice.edu/bitstream/handle/1911/94152/FieldConvergence.pdf;jsessionid=BD557664E5C4005F0B485E6963BB8DBB?sequence=1",
    journal = "Journal of Chemical Physics",
    pages = "173",
    doi = "10.1063/1.4740249"
}

% journal
@article{diis1,
    author = "Phanisri P. Pratapa; Phanish Suryanarayana",
    year = "2015",
    title =  "Restarted Pulay mixing for efficient and robust acceleration of fixed-point iterations",
    url = "https://www.sciencedirect.com/science/article/abs/pii/S0009261415004480",
    journal = "Chemical Physics Letters",
    volume = "635",
    pages = "69--74"
}

% journal
@article{diis2,
    author = "Amartya S. Banerjeea; Phanish Suryanarayanab; John E. Paskc",
    year = "2016",
    title =  "Periodic Pulay method for robust and efficient convergence acceleration of self-consistent field iterations",
    url = "https://www.sciencedirect.com/science/article/abs/pii/S0009261416000464",
    journal = "Chemical Physics Letters",
    volume = "647",
    pages = "31--35"
}

